<?xml version="1.0" encoding="UTF-8"?><record xmlns="http://www.loc.gov/MARC21/slim" xmlns:cinclude="http://apache.org/cocoon/include/1.0" xmlns:zs="http://www.loc.gov/zing/srw/">
  <leader>00627cz  a2200157n  4500</leader>
  <controlfield tag="001">n  81030887 </controlfield>
  <controlfield tag="003">DLC</controlfield>
  <controlfield tag="005">20130314080541.0</controlfield>
  <controlfield tag="008">810415n| azannaabn          |b ana      </controlfield>
  <datafield tag="010" ind1=" " ind2=" ">
    <subfield code="a">n  81030887 </subfield>
  </datafield>
  <datafield tag="035" ind1=" " ind2=" ">
    <subfield code="a">(OCoLC)oca00576600</subfield>
  </datafield>
  <datafield tag="040" ind1=" " ind2=" ">
    <subfield code="a">DLC</subfield>
    <subfield code="b">eng</subfield>
    <subfield code="e">rda</subfield>
    <subfield code="c">DLC</subfield>
    <subfield code="d">OCoLC</subfield>
    <subfield code="d">DLC</subfield>
  </datafield>
  <datafield tag="110" ind1="2" ind2=" ">
    <subfield code="a">University of Allahabad.</subfield>
    <subfield code="b">Department of Defence Studies</subfield>
  </datafield>
  <datafield tag="410" ind1="2" ind2=" ">
    <subfield code="w">nnea</subfield>
    <subfield code="a">University of Allahabad.</subfield>
    <subfield code="b">Dept. of Defence Studies</subfield>
  </datafield>
  <datafield tag="510" ind1="2" ind2=" ">
    <subfield code="w">r</subfield>
    <subfield code="i">Hierarchical superior:</subfield>
    <subfield code="a">University of Allahabad</subfield>
  </datafield>
  <datafield tag="670" ind1=" " ind2=" ">
    <subfield code="a">Strategic environment in South Asia during the 1980's, 1979 (a.e.)</subfield>
    <subfield code="b">verso of t.p. (Department of Defence Studies, University of Allahabad)</subfield>
  </datafield>
</record>